<record><leader>00000cas a2200000 a 4500</leader><controlfield tag="001">38882724</controlfield><controlfield tag="008">980402d194719uuvtuwr ne      0    0eng c</controlfield><datafield ind1=" " ind2=" " tag="010"><subfield code="a">sn 98060037 </subfield></datafield><datafield ind1=" " ind2=" " tag="040"><subfield code="a">NVN</subfield><subfield code="b">eng</subfield><subfield code="c">NVN</subfield><subfield code="d">OCLCQ</subfield><subfield code="d">OCLCF</subfield><subfield code="d">OCLCO</subfield></datafield><datafield ind1="1" ind2=" " tag="029"><subfield code="a">AU@</subfield><subfield code="b">000013903912</subfield></datafield><datafield ind1=" " ind2=" " tag="042"><subfield code="a">pcc</subfield></datafield><datafield ind1=" " ind2=" " tag="043"><subfield code="a">n-us-vt</subfield></datafield><datafield ind1="0" ind2="4" tag="245"><subfield code="a">The Bethel tribune.</subfield></datafield><datafield ind1="1" ind2=" " tag="246"><subfield code="i">Issue for Apr. 22 called:</subfield><subfield code="a">Nearsighted</subfield></datafield><datafield ind1="1" ind2=" " tag="246"><subfield code="i">Issue for Apr. 29 called:</subfield><subfield code="a">Nearsighted @ Bethel tribune</subfield></datafield><datafield ind1="3" ind2=" " tag="246"><subfield code="a">Nearsighted and Bethel tribune</subfield></datafield><datafield ind1=" " ind2=" " tag="260"><subfield code="a">Bethel, Vt. :</subfield><subfield code="b">[C.W. Putney]</subfield></datafield><datafield ind1=" " ind2=" " tag="300"><subfield code="a">v.</subfield></datafield><datafield ind1=" " ind2=" " tag="310"><subfield code="a">Weekly</subfield></datafield><datafield ind1="0" ind2=" " tag="362"><subfield code="a">Vol. 1, no. 1 (Sept. 13, 1947).</subfield></datafield><datafield ind1=" " ind2=" " tag="500"><subfield code="a">Published in South Royalton, Vt., May 20, 1948.</subfield></datafield><datafield ind1=" " ind2="0" tag="651"><subfield code="a">Bethel (Vt.)</subfield><subfield code="v">Newspapers.</subfield></datafield><datafield ind1=" " ind2="0" tag="651"><subfield code="a">Windsor County (Vt.)</subfield><subfield code="v">Newspapers.</subfield></datafield><datafield ind1=" " ind2="7" tag="655"><subfield code="a">Newspapers.</subfield><subfield code="2">fast</subfield><subfield code="0">(OCoLC)fst01423814</subfield></datafield><datafield ind1=" " ind2="7" tag="651"><subfield code="a">Vermont</subfield><subfield code="z">Bethel.</subfield><subfield code="2">fast</subfield><subfield code="0">(OCoLC)fst01226813</subfield></datafield><datafield ind1=" " ind2="7" tag="651"><subfield code="a">Vermont</subfield><subfield code="z">Windsor County.</subfield><subfield code="2">fast</subfield><subfield code="0">(OCoLC)fst01215300</subfield></datafield><datafield ind1=" " ind2=" " tag="752"><subfield code="a">United States</subfield><subfield code="b">Vermont</subfield><subfield code="c">Windsor</subfield><subfield code="d">Bethel.</subfield></datafield><datafield ind1=" " ind2=" " tag="752"><subfield code="a">United States</subfield><subfield code="b">Vermont</subfield><subfield code="c">Windsor</subfield><subfield code="d">South Royalton.</subfield></datafield></record>